
@MANUAL{Sanderson_undated-yz,
  title  = "The {CLEAR} {GUIDE} To Replacing Your Glass In Double Glazing
            Quickly \& Easily",
  author = "Sanderson, Steven"
}

@TECHREPORT{US_Environmental_Protection_Agency2012-or,
  title  = "{ENERGY} {STAR\textregistered{}} for Windows, Doors, and Skylights",
  author = "{U.S. Environmental Protection Agency}",
  month  =  jul,
  year   =  2012
}

@TECHREPORT{Opdc2018-mp,
  title  = "Tall Buildings Statement",
  author = "{OPDC}",
  month  =  jun,
  year   =  2018
}

@ARTICLE{Troy2003-rf,
  title     = "Embodied and Operational Energy Consumption in the City",
  author    = "Troy, Patrick and Holloway, Darren and Pullen, Stephen and
               Bunker, Raymond",
  journal   = "Urban Policy Res.",
  publisher = "Routledge",
  volume    =  21,
  number    =  1,
  pages     = "9--44",
  month     =  mar,
  year      =  2003
}

@ARTICLE{Dixit2012-hx,
  title   = "Need for an embodied energy measurement protocol for buildings: A
             review paper",
  author  = "Dixit, Manish K and Fern{\'a}ndez-Sol{\'\i}s, Jose L and Lavy,
             Sarel and Culp, Charles H",
  journal = "Renewable Sustainable Energy Rev.",
  volume  =  16,
  number  =  6,
  pages   = "3730--3743",
  month   =  aug,
  year    =  2012
}

@ARTICLE{Yohanis2002-vh,
  title     = "Life-cycle operational and embodied energy for a generic
               single-storey office building in the {UK}",
  author    = "Yohanis, Y G and Norton, B",
  journal   = "Energy",
  publisher = "Elsevier",
  volume    =  27,
  number    =  1,
  pages     = "77--92",
  month     =  jan,
  year      =  2002
}

@TECHREPORT{Department_for_Communities_and_Local_Government2017-tj,
  title       = "Planning Applications in England: October to December 2016",
  author      = "{Department for Communities and Local Government}",
  institution = "HM Government",
  year        =  2017
}


@TECHREPORT{Kay2009-et,
  title       = "Pushing reuse: Towards a low‚Äêcarbon construction industry",
  author      = "Kay, Thornton and {Salvo Llp} and Essex, Jonathan and
                 {BioRegional}",
  institution = "BioRegional",
  year        =  2009
}


@ARTICLE{Gagg2014-nc,
  title   = "Cement and concrete as an engineering material: An historic
             appraisal and case study analysis",
  author  = "Gagg, Colin R",
  journal = "Eng. Fail. Anal.",
  volume  =  40,
  pages   = "114--140",
  month   =  may,
  year    =  2014
}

@TECHREPORT{Wilson2018-ug,
  title       = "Tackling the under-supply of housing in England",
  author      = "Wilson, Wendy and Barton, Cassie",
  number      =  07671,
  institution = "House of Commons Library",
  month       =  dec,
  year        =  2018
}

@TECHREPORT{National_Audit_Office2005-mw,
  title       = "Using modern methods of construction to build homes more
                 quickly and efficiently",
  author      = "{National Audit Office}",
  institution = "National Audit Office",
  month       =  nov,
  year        =  2005
}

@ARTICLE{Lawania2016-er,
  title   = "Achieving environmentally friendly building envelope for Western
             Australia's housing sector: A life cycle assessment approach",
  author  = "Lawania, Krishna Kumar and Biswas, Wahidul K",
  journal = "International Journal of Sustainable Built Environment",
  volume  =  5,
  number  =  2,
  pages   = "210--224",
  month   =  dec,
  year    =  2016
}

@PHDTHESIS{Low2006-qf,
  title    = "Material flow analysis of concrete in the United States /",
  author   = "Low, Man-Shi",
  month    =  jun,
  year     =  2006,
  school   = "Massachusetts Institute of Technology."
}

@MISC{Department_for_Business_Energy2019-kd,
  title        = "Building materials and components statistics: December 2018",
  booktitle    = "{GOV.UK}",
  author       = "{Department for Business, Energy} and {Industrial Strategy}",
  publisher    = "GOV.UK",
  month        =  jan,
  year         =  2019,
  howpublished = "\url{https://www.gov.uk/government/statistics/building-materials-and-components-statistics-december-2018}",
  note         = "Accessed: 2019-5-13"
}

@MISC{Ministry_of_Housing_Communities2012-zw,
  title        = "Table 101; Live tables on dwelling stock (including vacants)",
  booktitle    = "{GOV.UK}",
  author       = "{Ministry of Housing, Communities} and {Local Government}",
  publisher    = "GOV.UK",
  month        =  nov,
  year         =  2012,
  howpublished = "\url{https://www.gov.uk/government/statistical-data-sets/live-tables-on-dwelling-stock-including-vacants}",
  note         = "Accessed: 2019-5-13"
}

@TECHREPORT{Department_for_Business_Energy_and_Industrial_Strategy2017-oa,
  title       = "2016 {UK} Greenhouse Gas Emissions, Provisional Figures",
  author      = "{Department for Business, Energy and Industrial Strategy}",
  institution = "HM Government",
  year        =  2017
}

@MISC{Valuation_Office_Agency2017-aw,
  title        = "Council Tax: stock of properties 2017",
  booktitle    = "{GOV.UK}",
  author       = "{Valuation Office Agency}",
  month        =  jun,
  year         =  2017,
  howpublished = "\url{https://www.gov.uk/government/statistics/council-tax-stock-of-properties-2017}",
  note         = "Accessed: 2019-5-10"
}

@MISC{Ministry_of_Housing_Communities2012-ez,
  title        = "{LT254}; Live tables on house building: new build dwellings",
  booktitle    = "{GOV.UK}",
  author       = "{Ministry of Housing, Communities} and {Local Government}",
  month        =  nov,
  year         =  2012,
  howpublished = "\url{https://www.gov.uk/government/statistical-data-sets/live-tables-on-house-building}",
  note         = "Accessed: 2019-5-10"
}

@TECHREPORT{Ministry_of_Housing_Communities_and_Local_Government2017-xx,
  title       = "English Housing Survey: Stock Condition, 2016",
  author      = "{Ministry of Housing, Communities and Local Government}",
  institution = "HM Government",
  year        =  2017
}

% The entry below contains non-ASCII chars that could not be converted
% to a LaTeX equivalent.
@MISC{Wickes_undated-br,
  title        = "Paving Slabs \& Patio Slabs",
  booktitle    = "Wickes",
  author       = "Wickes",
  howpublished = "\url{https://www.wickes.co.uk/Products/Gardens/Paving+Walling/Paving-Slabs/c/1000715}",
  note         = "Accessed: 2019-5-9"
}

@MISC{Garden_room_guide_2009-hx,
  title        = "Garden room foundations",
  author       = "{The Garden Room Guide}",
  month        =  oct,
  year         =  2009,
  howpublished = "\url{https://www.thegardenroomguide.co.uk/types-of-garden-room-foundation/2009/10/19/}",
  note         = "Accessed: 2019-5-9"
}

@MISC{lomax_undated-od,
  title        = "Garden Room Design Guide",
  author       = "{Lomax Wood}",
  howpublished = "\url{https://www.lomaxwood.co.uk/garden-room-design-guide/}",
  note         = "Accessed: 2019-5-9"
}

@MISC{Lazy_Susan_2012-ke,
  title        = "What is a Garden Room?",
  author       = "{Lazy Susan Garden Furniture Blog}",
  month        =  feb,
  year         =  2012,
  howpublished = "\url{https://www.lazysusanfurniture.co.uk/blog/garden-rooms-buildings/what-is-a-garden-room/}",
  note         = "Accessed: 2019-5-9"
}

@MISC{Garden_Room_Guide_2015-is,
  title        = "How Much Headroom in a Garden Room",
  author       = "{The Garden Room Guide}",
  month        =  feb,
  year         =  2015,
  howpublished = "\url{https://www.thegardenroomguide.co.uk/how-much-headroom-in-a-garden-room-2/2015/02/03/}",
  note         = "Accessed: 2019-5-9"
}

@MISC{summer_house_24_undated-qa,
  title        = "Large Summer Houses and Garden Rooms Online {UK}",
  author       = "{Summer House 24}",
  howpublished = "\url{https://summerhouse24.co.uk/large/?orderby=price}",
  note         = "Accessed: 2019-5-9"
}

@MISC{apodo_undated-hl,
  title        = "Garden Room Sizes",
  author       = "{apodo designs}",
  howpublished = "\url{https://apododesigns.co.uk/garden-room-size}",
  note         = "Accessed: 2019-5-9"
}

@MISC{myglazing_undated-ah,
  title        = "Differences between conservatories and orangeries",
  author       = "{MyGlazing.com}",
  howpublished = "\url{https://www.myglazing.com/be-informed/conservatories-orangeries/difference-conservatory-orangery/}",
  note         = "Accessed: 2019-5-9"
}

@MISC{ashford_undated-xr,
  title        = "Do I need planning permission for a conservatory",
  author       = "{Ashford Building Services}",
  howpublished = "\url{http://www.ashfordbuildingservices.co.uk/blog/e/do-i-need-planning-permission-for-a-conservatory/}",
  note         = "Accessed: 2019-5-9"
}

@MISC{homeadvice_2019-gc,
  title        = "Conservatory Prices: How Much Does a Conservatory Cost?",
  author       = "{Home Advice Guide}",
  month        =  apr,
  year         =  2019,
  howpublished = "\url{http://www.homeadviceguide.com/guide-to-conservatory-prices/}",
  note         = "Accessed: 2019-5-9"
}

@MISC{householdquotes_undated-es,
  title        = "Conservatory Prices For 2019: The Ultimate Guide",
  author       = "{Household Quotes}",
  howpublished = "\url{https://householdquotes.co.uk/what-is-the-average-cost-of-a-conservatory/}",
  note         = "Accessed: 2019-5-9"
}

@MISC{Reed2018-sz,
  title        = "Conservatory Prices 2018",
  booktitle    = "Local Conservatory Prices",
  author       = "Reed, Alison",
  month        =  jan,
  year         =  2018,
  howpublished = "\url{https://www.localconservatoryprices.co.uk/conservatory-prices-2018/}",
  note         = "Accessed: 2019-5-9"
}

@MISC{house_plans_undated-if,
  title        = "Garage Dimensions",
  author       = "{House Plans Helper}",
  howpublished = "\url{https://www.houseplanshelper.com/garage-dimensions.html}",
  note         = "Accessed: 2019-5-9"
}

@MISC{planning_portal_2015-kr,
  title        = "Outbuildings",
  author       = "{Planning Portal}",
  publisher    = "Planning Portal",
  month        =  jun,
  year         =  2015,
  howpublished = "\url{https://www.planningportal.co.uk/info/200130/common_projects/43/outbuildings}",
  note         = "Accessed: 2019-5-9",
  language     = "en"
}

@MISC{garage_plans_undated-ub,
  title        = "{FAQ}",
  author       = "{Garage Plans}",
  howpublished = "\url{https://www.garageplans.co.uk/contents/en-uk/d32_faq_garage_sizes.html}",
  note         = "Accessed: 2019-5-9"
}

@MISC{eastern_garage_2018-oj,
  title        = "Average Garage and Garage Doors Sizes in the {UK}",
  author       = "{Eastern Garage Doors}",
  month        =  jan,
  year         =  2018,
  howpublished = "\url{https://www.easterngaragedoors.co.uk/news/average-garage-door-size-in-the-uk/}",
  note         = "Accessed: 2019-5-9"
}

@MISC{buildsearch_2018-gp,
  title        = "Single \& Double Garage Size (How Much Do You Need?)",
  author       = "{BuildSearch}",
  month        =  aug,
  year         =  2018,
  howpublished = "\url{https://buildsearch.com.au/garage-size}",
  note         = "Accessed: 2019-5-9"
}

@MISC{Wikipedia_contributors2019-ik,
  title        = "Garage (residential)",
  booktitle    = "Wikipedia, The Free Encyclopedia",
  author       = "{Wikipedia contributors}",
  month        =  apr,
  year         =  2019,
  howpublished = "\url{https://en.wikipedia.org/w/index.php?title=Garage_(residential)&oldid=893819763}",
  note         = "Accessed: 2019-5-9"
}

@TECHREPORT{National_House-Building_Council2011-qi,
  title     = "{NHBC} Standards online",
  author    = "{National House-Building Council}",
  publisher = "\{National House-Building Council\}",
  year      =  2011,
  address   = "Milton Keynes"
}

@MISC{Madsen2012-jm,
  title        = "Typical extension designs - {SelfBuild}",
  booktitle    = "Selfbuild",
  author       = "Madsen, Astrid",
  month        =  sep,
  year         =  2012,
  howpublished = "\url{https://selfbuild.ie/uncategorized/typical-extension-designs/}",
  note         = "Accessed: 2019-5-9"
}

@MISC{sterlingbuild_undated-kj,
  title        = "Single Storey Extension Guide",
  author    = "Sterlingbuild",
  howpublished = "\url{https://www.sterlingbuild.co.uk/info/single-storey-extensions}",
  note         = "Accessed: 2019-5-9"
}

@MISC{Searle2018-qb,
  title        = "How to Add a Single Storey Extension",
  booktitle    = "Homebuilding \& Renovating",
  author       = "Searle, Lucy",
  month        =  sep,
  year         =  2018,
  howpublished = "\url{https://www.homebuilding.co.uk/how-to-add-a-single-storey-extension/}",
  note         = "Accessed: 2019-5-9"
}

@MISC{Garrett2015-bb,
  title        = "Extensions: Planning Permission",
  booktitle    = "Planning Portal",
  author       = "Garrett, James",
  publisher    = "Planning Portal",
  month        =  may,
  year         =  2015,
  howpublished = "\url{https://www.planningportal.co.uk/info/200130/common_projects/17/extensions}",
  note         = "Accessed: 2019-5-9",
  language     = "en"
}

@MISC{velux_undated-ea,
  title        = "{VELUX} Extensions: Bringing light to life",
  author       = "Velux",
  howpublished = "\url{https://www.velux.co.uk/projects/extensions/budgeting}",
  note         = "Accessed: 2019-5-9"
}

@MISC{Warwick2019-wt,
  title        = "How to add a single storey extension: the definitive guide",
  booktitle    = "Real Homes",
  author       = "Warwick, Sarah",
  month        =  apr,
  year         =  2019,
  howpublished = "\url{https://www.realhomes.com/advice/single-storey-extensions-costing-planning-and-designing-your-single-storey-extension}",
  note         = "Accessed: 2019-5-9"
}

@MISC{Office_for_National_Statistics2011-wb,
  title        = "{CT0770\_2011} Census - Number of rooms by number of bedrooms
                  - Merged local authorities",
  booktitle    = "Office for National Statistics",
  author       = "{Office for National Statistics}",
  year         =  2011,
  howpublished = "\url{https://www.ons.gov.uk/peoplepopulationandcommunity/housing/adhocs/008160ct07702011censusnumberofroomsbynumberofbedroomsmergedlocalauthorities}",
  note         = "Accessed: 2019-5-9"
}

@TECHREPORT{Department_for_Communities_and_Local_Government2010-op,
  title       = "English Housing Survey: Housing Stock Report 2008",
  author      = "{Department for Communities and Local Government}",
  institution = "HM Government",
  month       =  oct,
  year        =  2010
}

@MANUAL{The_National_Affordable_Homes_Survey2008-cv,
  title        = "721 Housing Quality Indicators ({HQI}) Form",
  author       = "{The National Affordable Homes Survey}",
  month        =  apr,
  year         =  2008,
  organization = "Housing Corporation"
}

@TECHREPORT{Cambs_city_council_2012-ec,
  title       = "Cambridge Local Plan Towards 2031 - Chapter {I}",
  author      = "Cambridge City Council",
  month       =  dec,
  year        =  2012
}

@TECHREPORT{Department_for_Communities_and_Local_Government2015-rv,
  title       = "Technical housing standards - nationally described space
                 standard",
  author      = "{Department for Communities and Local Government}",
  institution = "HM Government",
  month       =  mar,
  year        =  2015
}

@TECHREPORT{nhbc_2015-cg,
  title       = "Homes through the decades: the making of modern housing",
  author      = "{NHBC Foundation}",
  month       =  mar,
  year        =  2015
}

@TECHREPORT{Adams2008-ae,
  title       = "Factors Affecting Housing Build-out Rates",
  author      = "Adams, David and Leishman, Chris",
  institution = "University of Glasgow",
  month       =  feb,
  year        =  2008
}

@MISC{Speakman_undated-sd,
  title        = "{UK} {PlanIt}",
  author       = "Speakman, Andrew",
  year         = 2019,
  howpublished = "\url{http://planit.org.uk/}",
  note         = "Accessed: 2019-5-8"
}

@MANUAL{DR_International_Ltd2012-td,
  title        = "2011 Buildings Energy Data Book",
  author       = "{D\&R International, Ltd.}",
  month        =  mar,
  year         =  2012,
  organization = "US Department of Energy"
}

@INCOLLECTION{Lushnikova2016-kl,
  title     = "Sustainability of gypsum products as a construction material",
  booktitle = "Sustainability of Construction Materials (Second Edition)",
  author    = "Lushnikova, N and Dvorkin, L",
  editor    = "Khatib, Jamal M",
  series    = "Woodhead Publishing Series in Civil and Structural Engineering",
  year      =  2016
}

@ARTICLE{Boardman2005-yt,
  title   = "40\% house. Environmental change institute",
  author  = "Boardman, Brenda and Darby, S and Killip, G and Hinnells, M and
             Jardine, C N and Palmer, J and Sinden, G",
  journal = "University of Oxford",
  year    =  2005
}

@ARTICLE{Crosbie2010-gz,
  title     = "Energy-efficiency interventions in housing: learning from the
               inhabitants",
  author    = "Crosbie, Tracey and Baker, Keith",
  journal   = "Build. Res. Inf.",
  publisher = "Routledge",
  volume    =  38,
  number    =  1,
  pages     = "70--79",
  month     =  feb,
  year      =  2010
}

@TECHREPORT{The_Green_Construction_Board2013-vo,
  title  = "Low Carbon Routemap for the {UK} Built Environment",
  author = "{The Green Construction Board}",
  month  =  mar,
  year   =  2013
}

@ARTICLE{Giesekam2014-eg,
  title     = "The greenhouse gas emissions and mitigation options for
               materials used in {UK} construction",
  author    = "Giesekam, Jannik and Barrett, John and Taylor, Peter and Owen,
               Anne",
  journal   = "Energy Build.",
  publisher = "Elsevier",
  volume    =  78,
  pages     = "202--214",
  month     =  aug,
  year      =  2014
}

@ARTICLE{Sheerin2002-aj,
  title     = "{UK} material flow accounting",
  author    = "Sheerin, Caroline and Branch, Environmental Accounts",
  journal   = "Economic Trends",
  publisher = "mdgs.un.org",
  volume    =  583,
  pages     = "53--61",
  year      =  2002
}

@ARTICLE{Shanks2019-nu,
  title     = "How much cement can we do without? Lessons from cement material
               flows in the {UK}",
  author    = "Shanks, W and Dunant, C F and Drewniok, Micha{\l} P and Lupton,
               R C and Serrenho, A and Allwood, Julian M",
  journal   = "Resour. Conserv. Recycl.",
  publisher = "Elsevier",
  volume    =  141,
  pages     = "441--454",
  month     =  feb,
  year      =  2019
}

@ARTICLE{Christoforou2016-ye,
  title   = "Cradle to site Life Cycle Assessment ({LCA}) of adobe bricks",
  author  = "Christoforou, Elias and Kylili, Angeliki and Fokaides, Paris A and
             Ioannou, Ioannis",
  journal = "J. Clean. Prod.",
  volume  =  112,
  pages   = "443--452",
  month   =  jan,
  year    =  2016
}

@ARTICLE{Grant2013-oq,
  title     = "Impact of building service life models on life cycle assessment",
  author    = "Grant, Aneurin and Ries, Robert",
  journal   = "Build. Res. Inf.",
  publisher = "Routledge",
  volume    =  41,
  number    =  2,
  pages     = "168--186",
  month     =  apr,
  year      =  2013
}

@ARTICLE{Stephan2011-sd,
  title     = "Towards a more holistic approach to reducing the energy demand
               of dwellings",
  author    = "Stephan, Andr{\'e} and Crawford, Robert H and de Myttenaere,
               Kristel",
  journal   = "Procedia Engineering",
  publisher = "Elsevier",
  volume    =  21,
  pages     = "1033--1041",
  month     =  jan,
  year      =  2011
}

@ARTICLE{Barnes1975-jh,
  title   = "The energy economics of building construction",
  author  = "Barnes, D and Rankin, L",
  journal = "Building International",
  volume  =  8,
  pages   = "31--42",
  year    =  1975
}

@TECHREPORT{The_Committee_on_Climate_Change2008-xn,
  title  = "Building a low-carbon economy -- the {UK's} contribution to
            tackling climate change",
  author = "{The Committee on Climate Change}",
  month  =  dec,
  year   =  2008
}

@ARTICLE{Ramesh2010-wc,
  title   = "Life cycle energy analysis of buildings: An overview",
  author  = "Ramesh, T and Prakash, Ravi and Shukla, K K",
  journal = "Energy Build.",
  volume  =  42,
  number  =  10,
  pages   = "1592--1600",
  month   =  oct,
  year    =  2010
}

@ARTICLE{Chen2001-ge,
  title   = "Analysis of embodied energy use in the residential building of
             Hong Kong",
  author  = "Chen, T Y and Burnett, J and Chau, C K",
  journal = "Energy",
  volume  =  26,
  number  =  4,
  pages   = "323--340",
  month   =  apr,
  year    =  2001
}

@TECHREPORT{A_UK-GBC_Task_Group_on_Display_Energy_Certificates_and_the_Carbon_Reduction_Commitment_Energy_Efficiency_Scheme2011-vj,
  title       = "Carbon Reductions in Existing Non- Domestic Buildings",
  author      = "{UK Green Building Council Task Group}",
  institution = "Uk Green Building Council",
  month       =  mar,
  year        =  2011
}

@TECHREPORT{Intergovernmental_Panel_on_Climate_Change2018-hl,
  title  = "Summary for Policymakers",
  author = "{Intergovernmental Panel on Climate Change}",
  year   =  2018
}

@MISC{Rawlinson_undated-rw,
  title        = "Sustainability --- Embodied carbon",
  booktitle    = "Building",
  author       = "Rawlinson, Simon and Weight, David",
  howpublished = "\url{https://www.building.co.uk/data/sustainability-embodied-carbon/3097160.article}",
  month        = oct,
  year         = 2007,
  note         = "Accessed: 2019-5-7"
}

@MISC{Ministry_of_Housing_Communities2012-rt,
  title     = "{LT120}; Live tables on housing supply: net additional dwellings",
  author    = "{Ministry of Housing, Communities} and {Local Government}",
  publisher = "GOV.UK",
  month     =  nov,
  year      =  2012,
  note      = "Title of the publication associated with this dataset: GOV.UK"
}

@TECHREPORT{Department_for_Business_Energy_Industrial_Strategy2019-va,
  title  = "2018 {UK} Provisional Greenhouse Gas Emissions",
  author = "{Department for Business, Energy \& Industrial Strategy}",
  year   =  2019
}

@MISC{Designing_Buildings_Wiki_undated-kh,
  title        = "Embodied energy in construction",
  author       = "{Designing Buildings Wiki}",
  howpublished = "\url{https://www.designingbuildings.co.uk/wiki/Embodied_energy_in_construction}",
  note         = "Accessed: 2019-5-7"
}

@ARTICLE{Koezjakov2018-qw,
  title   = "The relationship between operational energy demand and embodied
             energy in Dutch residential buildings",
  author  = "Koezjakov, A and Urge-Vorsatz, D and Crijns-Graus, W and van den
             Broek, M",
  journal = "Energy Build.",
  volume  =  165,
  pages   = "233--245",
  month   =  apr,
  year    =  2018
}

@ARTICLE{Chastas2018-zl,
  title   = "Normalising and assessing carbon emissions in the building sector:
             A review on the embodied {CO2} emissions of residential buildings",
  author  = "Chastas, Panagiotis and Theodosiou, Theodoros and Kontoleon,
             Karolos J and Bikas, Dimitrios",
  journal = "Build. Environ.",
  volume  =  130,
  pages   = "212--226",
  month   =  feb,
  year    =  2018
}

@ARTICLE{Moncaster2012-xm,
  title     = "A comparative review of existing data and methodologies for
               calculating embodied energy and carbon of buildings",
  author    = "Moncaster, A M and Song, J-Y",
  journal   = "International Journal of Sustainable Building Technology and
               Urban Development",
  publisher = "Taylor \& Francis",
  volume    =  3,
  number    =  1,
  pages     = "26--36",
  month     =  mar,
  year      =  2012
}

@ARTICLE{Hammond2008-np,
  title     = "Embodied energy and carbon in construction materials",
  author    = "Hammond, G P and Jones, C I",
  journal   = "Proceedings of the Institution of Civil Engineers - Energy",
  publisher = "ICE Publishing",
  volume    =  161,
  number    =  2,
  pages     = "87--98",
  month     =  may,
  year      =  2008
}

@MISC{Hallquist1978-kf,
  title   = "Energy consumption: Manufacture of building materials and building
             construction",
  author  = "Hallquist, A",
  journal = "Habitat International",
  volume  =  3,
  number  = "5-6",
  pages   = "551--557",
  year    =  1978
}

@INPROCEEDINGS{Filchakova2009-zi,
  title           = "Energy modelling of city housing stock and its temporal
                     evolution",
  author          = "Filchakova, Natalia and Wilke, Urs and Robinson, Darren",
  institution     = " Ecole Polytechnique F{\'e}d{\'e}rale de Lausanne (EPFL)",
  year            =  2009,
  conference      = "Eleventh International IBPSA Conference",
  location        = "Glasgow, Scotland"
}

@ARTICLE{Suzuki1995-ve,
  title   = "The estimation of energy consumption and {CO2} emission due to
             housing construction in Japan",
  author  = "Suzuki, M and Oka, T and Okada, K",
  journal = "Energy Build.",
  volume  =  22,
  year    =  1995
}

@ARTICLE{Hamilton-MacLaren2009-pt,
  title       = "The calculation of embodied energy in new build {UK} housing",
  author      = "Hamilton-MacLaren, Fiona and Loveday, Dennis and Mourshed,
                 Monjur",
  institution = "Loughborough University",
  month       =  sep,
  year        =  2009
}

@ARTICLE{Copiello2017-hm,
  title   = "The Relation between Building Costs and Embodied Energy: New
             Insights",
  author  = "Copiello, S and Bonifaci, P",
  journal = "Int. J. Hous. Sci. Appl.",
  volume  =  41,
  number  =  2,
  year    =  2017
}

@ARTICLE{Johnston2005-da,
  title   = "An exploration of the technical feasibility of achieving {CO2}
             emission reductions in excess of 60\% within the {UK} housing
             stock by the year 2050",
  author  = "Johnston, D and Lowe, R and Bell, M",
  journal = "Energy Policy",
  volume  =  33,
  number  =  13,
  pages   = "1643--1659",
  month   =  sep,
  year    =  2005
}

@ARTICLE{Hens2001-fo,
  title   = "Impact of energy efficiency measures on the {CO2} emissions in the
             residential sector, a large scale analysis",
  author  = "Hens, H and Verbeeck, G and Verdonck, B",
  journal = "Energy Build.",
  volume  =  33,
  pages   = "275--281",
  year    =  2001
}

@ARTICLE{Balaras2007-eq,
  title   = "European residential buildings and empirical assessment of the
             Hellenic building stock, energy consumption, emissions and
             potential energy savings",
  author  = "Balaras, Constantinos A and Gaglia, Athina G and Georgopoulou,
             Elena and Mirasgedis, Sevastianos and Sarafidis, Yiannis and
             Lalas, Dimitris P",
  journal = "Build. Environ.",
  volume  =  42,
  number  =  3,
  pages   = "1298--1314",
  month   =  mar,
  year    =  2007
}

@ARTICLE{Ibn-Mohammed2013-wu,
  title   = "Operational vs. embodied emissions in buildings---A review of
             current trends",
  author  = "Ibn-Mohammed, T and Greenough, R and Taylor, S and Ozawa-Meida, L
             and Acquaye, A",
  journal = "Energy Build.",
  volume  =  66,
  pages   = "232--245",
  month   =  nov,
  year    =  2013
}

@ARTICLE{Karimpour2014-oj,
  title   = "Minimising the life cycle energy of buildings: Review and analysis",
  author  = "Karimpour, Mahsa and Belusko, Martin and Xing, Ke and Bruno, Frank",
  journal = "Build. Environ.",
  volume  =  73,
  pages   = "106--114",
  month   =  mar,
  year    =  2014
}

@ARTICLE{Asif2007-sx,
  title   = "Life cycle assessment: A case study of a dwelling home in Scotland",
  author  = "Asif, M and Muneer, T and Kelley, R",
  journal = "Build. Environ.",
  volume  =  42,
  number  =  3,
  pages   = "1391--1394",
  month   =  mar,
  year    =  2007
}

@ARTICLE{Rossi2012-xj,
  title   = "Life-cycle assessment of residential buildings in three different
             European locations, basic tool",
  author  = "Rossi, Barbara and Marique, Anne-Fran{\c c}oise and Glaumann,
             Mauritz and Reiter, Sigrid",
  journal = "Build. Environ.",
  volume  =  51,
  pages   = "395--401",
  month   =  may,
  year    =  2012
}

@MISC{Keoleian2000-de,
  title   = "{Life-Cycle} Energy, Costs, and Strategies for Improving a
             {Single-Family} House",
  author  = "Keoleian, Gregory A and Blanchard, Steven and Reppe, Peter",
  journal = "Journal of Industrial Ecology",
  volume  =  4,
  number  =  2,
  pages   = "135--156",
  year    =  2000
}

@MANUAL{Environmental_Indicators_Task_Group2012-ij,
  title        = "{HQE} Performance Life Cycle Assessment",
  author       = "{Environmental Indicators Task Group}",
  year         =  2012,
  organization = "Association HQE"
}

@ARTICLE{Ezema2015-oq,
  title   = "Estimating Embodied Energy in Residential Buildings in a Nigerian
             Context",
  author  = "Ezema, I C and Olotuah, A O and Fagbenle, O I",
  journal = "Applied Engineering Research",
  volume  =  10,
  year    =  2015
}

@ARTICLE{Atmaca2015-dq,
  title   = "Life cycle energy ({LCEA}) and carbon dioxide emissions ({LCCO2A})
             assessment of two residential buildings in Gaziantep, Turkey",
  author  = "Atmaca, Adem and Atmaca, Nihat",
  journal = "Energy Build.",
  volume  =  102,
  pages   = "417--431",
  month   =  sep,
  year    =  2015
}

@TECHREPORT{Royal_Institution_of_Chartered_Surveyors2017-si,
  title  = "Whole life carbon assessment for the built environment",
  author = "{Royal Institution of Chartered Surveyors}",
  month  =  nov,
  year   =  2017
}

@MANUAL{InterNACHI2019-ae,
  title  = "{InterNACHI's} Standard Estimated Life Expectancy Chart for Homes",
  author = "{InterNACHI}",
  year   =  2019
}

@ARTICLE{Dixit2019-bj,
  title   = "Life cycle recurrent embodied energy calculation of buildings: A
             review",
  author  = "Dixit, Manish K",
  journal = "J. Clean. Prod.",
  volume  =  209,
  pages   = "731--754",
  month   =  feb,
  year    =  2019
}

@MANUAL{Carbon_Leadership_Forum2018-iq,
  title  = "Recommended guidelines for building component lifespans in whole
            building life cycle assessment",
  author = "{Carbon Leadership Forum}",
  month  =  jul,
  year   =  2018
}

@MANUAL{Fannie_Mae2014-ne,
  title  = "Instructions for performing a multifamily property condition
            assessment",
  author = "{Fannie Mae}",
  year   =  2014
}

@MISC{Beobachter_undated-vh,
  title  = "Lebensdauer und Pflege",
  author = "{Beobachter}"
}

@ARTICLE{Wiedenhofer2015-wn,
  title    = "Maintenance and Expansion: Modeling Material Stocks and Flows for
              Residential Buildings and Transportation Networks in the {EU25}",
  author   = "Wiedenhofer, Dominik and Steinberger, Julia K and Eisenmenger,
              Nina and Haas, Willi",
  journal  = "J. Ind. Ecol.",
  volume   =  19,
  number   =  4,
  pages    = "538--551",
  month    =  aug,
  year     =  2015,
  language = "en"
}

@MISC{Eberhardt2018-kd,
  title  = "Implementation of Circular Economy in the construction sector",
  author = "Eberhardt, Leonora C M",
  month  =  oct,
  year   =  2018
}

@UNPUBLISHED{Serrenho_undated-in,
  title       = "Strategies to Reduce Greenhouse Gas Emissions of the English
                 Housing Stock",
  author      = "Serrenho, Andr{\'e} Cabrera and Drewniok, Micha{\l} and
                 Dunant, Cyrille and Allwood, Julian M",
  institution = "University of Cambridge"
}

@ARTICLE{Seo2017-uk,
  title   = "Energy and {GHG} reductions considering embodied impacts of
             retrofitting existing dwelling stock in Greater Melbourne",
  author  = "Seo, Seongwon and Foliente, Greg and Ren, Zhengen",
  journal = "J. Clean. Prod.",
  month   =  sep,
  year    =  2017
}

@ARTICLE{Itard2007-qy,
  title     = "Comparing environmental impacts of renovated housing stock with
               new construction",
  author    = "Itard, Laure and Klunder, Gerda",
  journal   = "Build. Res. Inf.",
  publisher = "Routledge",
  volume    =  35,
  number    =  3,
  pages     = "252--267",
  month     =  may,
  year      =  2007
}

@ARTICLE{Ravetz2008-oe,
  title   = "State of the stock---What do we know about existing buildings and
             their future prospects?",
  author  = "Ravetz, Joe",
  journal = "Energy Policy",
  volume  =  36,
  number  =  12,
  pages   = "4462--4470",
  month   =  dec,
  year    =  2008
}

@ARTICLE{Swan2009-vs,
  title   = "Modeling of end-use energy consumption in the residential sector:
             A review of modeling techniques",
  author  = "Swan, Lukas G and Ugursal, V Ismet",
  journal = "Renewable Sustainable Energy Rev.",
  volume  =  13,
  number  =  8,
  pages   = "1819--1835",
  month   =  oct,
  year    =  2009
}

@TECHREPORT{HM_Government2018-mj,
  title  = "The Clean Growth Strategy: Leading the way to a low carbon future",
  author = "{HM Government}",
  month  =  apr,
  year   =  2018
}

@TECHREPORT{Committee_on_Climate_Change2018-tf,
  title  = "Reducing {UK} emissions: 2018 Progress Report to Parliament",
  author = "{The Committee on Climate Change}",
  month  =  jun,
  year   =  2018
}
